10400000         2102772410001360000000000000000000001577684536900000000FERNANDA F PONTIN ME          CAIXA ECONOMICA FEDERAL                 51705201809593100000105000000REMESSA REJEITADA   RET PRE CRI-PRODUCAO                             
10400011T0100030 2010277241000136                    015776845369        FERNANDA F PONTIN ME                                                                                          00000001170520180000000000                          00   
1040001300001T 030000008453690000000  0140000000000000020190             2006201800000000000050000000000090                       092010277241000136ENVIAJUS                                          00000000000000046                         
1040001300002U 030000000000000000000000000000000000000000000000000000000000000000000000000000000000000000000000000000000000000000000000001705201800000000            000000000000000000004                        000                           
10400015         00000400000000000000000000000000000000000000000000000000000000000000000000000000000000000000000000                                                                                                                             
10499999         000001000006                                                                                                                                                                                                                   
